
%%%%%%%%%%%%%%%%%%%%%%%%%%%%%%%%%%%%%%%%%%%%%%%%%%%%%%%%%%%%%%%%%%%%%%%%%%%%%%%%%%%%%%%%%%
%  reference for  Introduction (Biological Background)
%%%%%%%%%%%%%%%%%%%%%%%%%%%%%%%%%%%%%%%%%%%%%%%%%%%%%%%%%%%%%%%%%%%%%%%%%%%%%%%%%%%%%%%%%%

@article{casassola2013gene,
	title={Gene Expression: A Review on Methods for the Study of Defense-Related Gene Differential Expression in Plants},
	author={Casassola, Alice and Brammer, Sandra Patussi and Chaves, M{\'a}rcia Soares and Ant, Jos{\'e} and Grando, Magali Ferrari and others},
	journal={American Journal of Plant Sciences},
	volume={2013},
	year={2013},
	publisher={Scientific Research Publishing}
}


@article{mortazavi2008mapping,
	title={Mapping and quantifying mammalian transcriptomes by RNA-Seq},
	author={Mortazavi, Ali and Williams, Brian A and McCue, Kenneth and Schaeffer, Lorian and Wold, Barbara},
	journal={Nature methods},
	volume={5},
	number={7},
	pages={621--628},
	year={2008},
	publisher={Nature Publishing Group}
}

@article{howald2012combining,
	title={Combining RT-PCR-seq and RNA-seq to catalog all genic elements encoded in the human genome},
	author={Howald, C{\'e}dric and Tanzer, Andrea and Chrast, Jacqueline and Kokocinski, Felix and Derrien, Thomas and Walters, Nathalie and Gonzalez, Jose M and Frankish, Adam and Aken, Bronwen L and Hourlier, Thibaut and others},
	journal={Genome research},
	volume={22},
	number={9},
	pages={1698--1710},
	year={2012},
	publisher={Cold Spring Harbor Lab}
}

@article{wang2009rna,
	title={RNA-Seq: a revolutionary tool for transcriptomics},
	author={Wang, Zhong and Gerstein, Mark and Snyder, Michael},
	journal={Nature Reviews Genetics},
	volume={10},
	number={1},
	pages={57--63},
	year={2009},
	publisher={Nature Publishing Group}
}

@article{langmead2009ultrafast,
	title={Ultrafast and memory-efficient alignment of short DNA sequences to the human genome},
	author={Langmead, Ben and Trapnell, Cole and Pop, Mihai and Salzberg, Steven L and others},
	journal={Genome biol},
	volume={10},
	number={3},
	pages={R25},
	year={2009}
}


@article{li2010fast,
	title={Fast and accurate long-read alignment with Burrows--Wheeler transform},
	author={Li, Heng and Durbin, Richard},
	journal={Bioinformatics},
	volume={26},
	number={5},
	pages={589--595},
	year={2010},
	publisher={Oxford Univ Press}
}


@book{leavitt2004deciphering,
	title={Deciphering the genetic code: Marshall Nirenberg},
	author={Leavitt, Sarah and Stetten Jr, DeWitt and others},
	year={2004},
	publisher={Office of NIH History}
}

@article{finotello2015measuring,
	title={Measuring differential gene expression with RNA-seq: challenges and strategies for data analysis},
	author={Finotello, Francesca and Di Camillo, Barbara},
	journal={Briefings in functional genomics},
	volume={14},
	number={2},
	pages={130--142},
	year={2015},
	publisher={Oxford University Press}
}

@article{rapaport2013comprehensive,
	title={Comprehensive evaluation of differential gene expression analysis methods for RNA-seq data},
	author={Rapaport, Franck and Khanin, Raya and Liang, Yupu and Pirun, Mono and Krek, Azra and Zumbo, Paul and Mason, Christopher E and Socci, Nicholas D and Betel, Doron},
	journal={Genome Biol},
	volume={14},
	number={9},
	pages={R95},
	year={2013}
}


@article{seyednasrollah2015comparison,
	title={Comparison of software packages for detecting differential expression in RNA-seq studies},
	author={Seyednasrollah, Fatemeh and Laiho, Asta and Elo, Laura L},
	journal={Briefings in bioinformatics},
	volume={16},
	number={1},
	pages={59--70},
	year={2015},
	publisher={Oxford Univ Press}
}


@article{marioni2008rna,
	title={RNA-seq: an assessment of technical reproducibility and comparison with gene expression arrays},
	author={Marioni, John C and Mason, Christopher E and Mane, Shrikant M and Stephens, Matthew and Gilad, Yoav},
	journal={Genome research},
	volume={18},
	number={9},
	pages={1509--1517},
	year={2008},
	publisher={Cold Spring Harbor Lab}
}

@article{wang2010degseq,
	title={DEGseq: an R package for identifying differentially expressed genes from RNA-seq data},
	author={Wang, Likun and Feng, Zhixing and Wang, Xi and Wang, Xiaowo and Zhang, Xuegong},
	journal={Bioinformatics},
	volume={26},
	number={1},
	pages={136--138},
	year={2010},
	publisher={Oxford Univ Press}
}

@article{robinson2007moderated,
	title={Moderated statistical tests for assessing differences in tag abundance},
	author={Robinson, Mark D and Smyth, Gordon K},
	journal={Bioinformatics},
	volume={23},
	number={21},
	pages={2881--2887},
	year={2007},
	publisher={Oxford Univ Press}
}


@article{wu2013new,
	title={A new shrinkage estimator for dispersion improves differential expression detection in RNA-seq data},
	author={Wu, Hao and Wang, Chi and Wu, Zhijin},
	journal={Biostatistics},
	volume={14},
	number={2},
	pages={232--243},
	year={2013},
	publisher={Biometrika Trust}
}

@article{oberg2012technical,
	title={Technical and biological variance structure in mRNA-Seq data: life in the real world},
	author={Oberg, Ann L and Bot, Brian M and Grill, Diane E and Poland, Gregory A and Therneau, Terry M},
	journal={BMC genomics},
	volume={13},
	number={1},
	pages={304},
	year={2012},
	publisher={BioMed Central Ltd}
}


@article{soneson2013comparison,
	title={A comparison of methods for differential expression analysis of RNA-seq data},
	author={Soneson, Charlotte and Delorenzi, Mauro},
	journal={BMC bioinformatics},
	volume={14},
	number={1},
	pages={1},
	year={2013},
	publisher={BioMed Central}
}

@article{alexa2010topgo,
	title={topGO: enrichment analysis for gene ontology},
	author={Alexa, Adrian and Rahnenfuhrer, Jorg},
	journal={R package version},
	volume={2},
	number={0},
	year={2010}
}

@article{huang2007david,
	title={DAVID Bioinformatics Resources: expanded annotation database and novel algorithms to better extract biology from large gene lists},
	author={Huang, Da Wei and Sherman, Brad T and Tan, Qina and Kir, Joseph and Liu, David and Bryant, David and Guo, Yongjian and Stephens, Robert and Baseler, Michael W and Lane, H Clifford and others},
	journal={Nucleic acids research},
	volume={35},
	number={suppl 2},
	pages={W169--W175},
	year={2007},
	publisher={Oxford Univ Press}
}

@article{ye2006wego,
	title={WEGO: a web tool for plotting GO annotations},
	author={Ye, Jia and Fang, Lin and Zheng, Hongkun and Zhang, Yong and Chen, Jie and Zhang, Zengjin and Wang, Jing and Li, Shengting and Li, Ruiqiang and Bolund, Lars and others},
	journal={Nucleic acids research},
	volume={34},
	number={suppl 2},
	pages={W293--W297},
	year={2006},
	publisher={Oxford Univ Press}
}


@article{li2013aligning,
	title={Aligning sequence reads, clone sequences and assembly contigs with BWA-MEM},
	author={Li, Heng},
	journal={arXiv preprint arXiv:1303.3997},
	year={2013}
}

@article{dobin2013star,
	title={STAR: ultrafast universal RNA-seq aligner},
	author={Dobin, Alexander and Davis, Carrie A and Schlesinger, Felix and Drenkow, Jorg and Zaleski, Chris and Jha, Sonali and Batut, Philippe and Chaisson, Mark and Gingeras, Thomas R},
	journal={Bioinformatics},
	volume={29},
	number={1},
	pages={15--21},
	year={2013},
	publisher={Oxford Univ Press}
}

@article{li2010survey,
	title={A survey of sequence alignment algorithms for next-generation sequencing},
	author={Li, Heng and Homer, Nils},
	journal={Briefings in bioinformatics},
	volume={11},
	number={5},
	pages={473--483},
	year={2010},
	publisher={Oxford Univ Press}
}

@inproceedings{burrows1994block,
	title={A block-sorting lossless data compression algorithm},
	author={Burrows, Michael and Wheeler, David},
	booktitle={DIGITAL SRC RESEARCH REPORT},
	year={1994},
	organization={Citeseer}
}

@article{hatem2013benchmarking,
	title={Benchmarking short sequence mapping tools},
	author={Hatem, Ayat and Bozda{\u{g}}, Doruk and Toland, Amanda E and {\c{C}}ataly{\"u}rek, {\"U}mit V},
	journal={BMC bioinformatics},
	volume={14},
	number={1},
	pages={1},
	year={2013},
	publisher={BioMed Central}
}

@article{liao2013featurecounts,
	title={featureCounts: an efficient general purpose program for assigning sequence reads to genomic features},
	author={Liao, Yang and Smyth, Gordon K and Shi, Wei},
	journal={Bioinformatics},
	pages={btt656},
	year={2013},
	publisher={Oxford Univ Press}
}

@article{anders2010htseq,
	title={HTSeq: Analysing high-throughput sequencing data with Python},
	author={Anders, Simon},
	journal={URL http://www-huber. embl. de/users/anders/HTSeq/doc/overview. html},
	year={2010}
}
%%%%%%%%%%%%%%%%%%%%%%%%%%%%%%%%%%%%%%%%%%%%%%%%%%%%%%%%%%%%%%%%%%%%%%%%%%%%%%%%%%%%%%%%%%
%  reference for  Introduction (Statistical Methods)
%%%%%%%%%%%%%%%%%%%%%%%%%%%%%%%%%%%%%%%%%%%%%%%%%%%%%%%%%%%%%%%%%%%%%%%%%%%%%%%%%%%%%%%%%%




@article{anders2010differential,
	title={Differential expression analysis for sequence count data},
	author={Anders, Simon and Huber, Wolfgang},
	journal={Genome biol},
	volume={11},
	number={10},
	pages={R106},
	year={2010}
}

@article{anders2013count,
	title={Count-based differential expression analysis of RNA sequencing data using R and Bioconductor},
	author={Anders, Simon and McCarthy, Davis J and Chen, Yunshun and Okoniewski, Michal and Smyth, Gordon K and Huber, Wolfgang and Robinson, Mark D},
	journal={Nature protocols},
	volume={8},
	number={9},
	pages={1765--1786},
	year={2013},
	publisher={Nature Publishing Group}
}

@article{bates2011computational,
	title={Computational methods for mixed models},
	author={Bates, Douglas},
	journal={Vignette for lme4},
	year={2011}
}

@article{bates2012lme4,
	title={lme4: Linear mixed-effects models using S4 classes},
	author={Bates, Douglas and Maechler, Martin and Bolker, Ben},
	year={2012}
}

@article{benjamini1995controlling,
	title={Controlling the false discovery rate: a practical and powerful approach to multiple testing},
	author={Benjamini, Yoav and Hochberg, Yosef},
	journal={Journal of the Royal Statistical Society. Series B (Methodological)},
	pages={289--300},
	year={1995},
	publisher={JSTOR}
}

@article{benjamini2001control,
	title={The control of the false discovery rate in multiple testing under dependency},
	author={Benjamini, Yoav and Yekutieli, Daniel},
	journal={Annals of statistics},
	pages={1165--1188},
	year={2001},
	publisher={JSTOR}
}
@article{breslow1993approximate,
	title={Approximate inference in generalized linear mixed models},
	author={Breslow, Norman E and Clayton, David G},
	journal={Journal of the American Statistical Association},
	volume={88},
	number={421},
	pages={9--25},
	year={1993},
	publisher={Taylor \& Francis Group}
}

@article{breslow1995bias,
	title={Bias correction in generalised linear mixed models with a single component of dispersion},
	author={Breslow, Norman E and Lin, Xihong},
	journal={Biometrika},
	volume={82},
	number={1},
	pages={81--91},
	year={1995},
	publisher={Biometrika Trust}
}

@article{bullard2010evaluation,
	title={Evaluation of statistical methods for normalization and differential expression in mRNA-Seq experiments},
	author={Bullard, James H and Purdom, Elizabeth and Hansen, Kasper D and Dudoit, Sandrine},
	journal={BMC bioinformatics},
	volume={11},
	number={1},
	pages={94},
	year={2010},
	publisher={BioMed Central Ltd}
}

@article{bolker2009generalized,
	title={Generalized linear mixed models: a practical guide for ecology and evolution},
	author={Bolker, Benjamin M and Brooks, Mollie E and Clark, Connie J and Geange, Shane W and Poulsen, John R and Stevens, M Henry H and White, Jada-Simone S},
	journal={Trends in ecology \& evolution},
	volume={24},
	number={3},
	pages={127--135},
	year={2009},
	publisher={Elsevier}
}
@article{czechowski2005genome,
	title={Genome-wide identification and testing of superior reference genes for transcript normalization in Arabidopsis},
	author={Czechowski, Tomasz and Stitt, Mark and Altmann, Thomas and Udvardi, Michael K and Scheible, Wolf-R{\"u}diger},
	journal={Plant physiology},
	volume={139},
	number={1},
	pages={5--17},
	year={2005},
	publisher={Am Soc Plant Biol}
}

@article{di2014package,
	title={Package ‘NBPSeq’},
	author={Di, Yanming and Schafer, Daniel W and Di, Maintainer Yanming},
	journal={Molecular Biology},
	volume={10},
	pages={1},
	year={2014}
}

@article{dekkers2012identification,
	title={Identification of reference genes for RT--qPCR expression analysis in Arabidopsis and tomato seeds},
	author={Dekkers, Bas JW and Willems, Leo and Bassel, George W and van Bolderen-Veldkamp, RP Marieke and Ligterink, Wilco and Hilhorst, Henk WM and Bentsink, Le{\'o}nie},
	journal={Plant and Cell Physiology},
	volume={53},
	number={1},
	pages={28--37},
	year={2012},
	publisher={Jpn Soc Plant Physiol}
}

@article{efron2004large,
	title={Large-scale simultaneous hypothesis testing},
	author={Efron, Bradley},
	journal={Journal of the American Statistical Association},
	volume={99},
	number={465},
	year={2004}
}
@book{efron2010large,
	title={Large-scale inference: empirical Bayes methods for estimation, testing, and prediction},
	author={Efron, Bradley},
	volume={1},
	year={2010},
	publisher={Cambridge University Press}
}

@article{hadfield2010mcmc,
	title={MCMC methods for multi-response generalized linear mixed models: the MCMCglmm R package},
	author={Hadfield, Jarrod D and others},
	journal={Journal of Statistical Software},
	volume={33},
	number={2},
	pages={1--22},
	year={2010}
}
@article{hansen2010biases,
	title={Biases in Illumina transcriptome sequencing caused by random hexamer priming},
	author={Hansen, Kasper D and Brenner, Steven E and Dudoit, Sandrine},
	journal={Nucleic acids research},
	volume={38},
	number={12},
	pages={e131--e131},
	year={2010},
	publisher={Oxford Univ Press}
}

@article{hruz2011refgenes,
	title={RefGenes: identification of reliable and condition specific reference genes for RT-qPCR data normalization},
	author={Hruz, Tomas and Wyss, Markus and Docquier, Mylene and Pfaffl, Michael W and Masanetz, Sabine and Borghi, Lorenzo and Verbrugghe, Phebe and Kalaydjieva, Luba and Bleuler, Stefan and Laule, Oliver and others},
	journal={BMC genomics},
	volume={12},
	number={1},
	pages={156},
	year={2011},
	publisher={BioMed Central Ltd}
}

@article{liao2013subread,
	title={The Subread aligner: fast, accurate and scalable read mapping by seed-and-vote},
	author={Liao, Yang and Smyth, Gordon K and Shi, Wei},
	journal={Nucleic acids research},
	volume={41},
	number={10},
	pages={e108--e108},
	year={2013},
	publisher={Oxford Univ Press}
}


@article{line2013translational,
	title={Translational signatures and mRNA levels are highly correlated in human stably expressed genes},
	author={Line, Sergio RP and Liu, Xiaoming and de Souza, Ana P and Yu, Fuli},
	journal={BMC genomics},
	volume={14},
	number={1},
	pages={268},
	year={2013},
	publisher={BioMed Central Ltd}
}

@book{littell2006sas,
	title={SAS for mixed models},
	author={Littell, Ramon C and Stroup, Walter W and Milliken, George A and Wolfinger, Russell D and Schabenberger, Oliver},
	year={2006},
	publisher={SAS institute}
}

@article{liu1994note,
	title={A note on Gauss—Hermite quadrature},
	author={Liu, Qing and Pierce, Donald A},
	journal={Biometrika},
	volume={81},
	number={3},
	pages={624--629},
	year={1994},
	publisher={Biometrika Trust}
}

@article{mccullagh1989generalized,
	title={Generalized linear models.},
	author={McCullagh, Peter and Nelder, John A},
	year={1989},
	publisher={London England Chapman and Hall 1983.}
}

@article{mcculloch1997maximum,
	title={Maximum likelihood algorithms for generalized linear mixed models},
	author={McCulloch, Charles E},
	journal={Journal of the American statistical Association},
	volume={92},
	number={437},
	pages={162--170},
	year={1997},
	publisher={Taylor \& Francis}
}
@book{mcculloch2001generalized,
	title={Generalized linear mixed models},
	author={McCulloch, Charles E and Neuhaus, John M},
	year={2001},
	publisher={Wiley Online Library}
}

@book{myers2012generalized,
	title={Generalized linear models: with applications in engineering and the sciences},
	author={Myers, Raymond H and Montgomery, Douglas C and Vining, G Geoffrey and Robinson, Timothy J},
	volume={791},
	year={2012},
	publisher={John Wiley \& Sons}
}

@article{pinheiro1995approximations,
	title={Approximations to the log-likelihood function in the nonlinear mixed-effects model},
	author={Pinheiro, Jos{\'e} C and Bates, Douglas M},
	journal={Journal of computational and Graphical Statistics},
	volume={4},
	number={1},
	pages={12--35},
	year={1995},
	publisher={Taylor \& Francis}
}
@article{pinheiro2006efficient,
	title={Efficient Laplacian and adaptive Gaussian quadrature algorithms for multilevel generalized linear mixed models},
	author={Pinheiro, Jos{\'e} C and Chao, Edward C},
	journal={Journal of Computational and Graphical Statistics},
	volume={15},
	number={1},
	year={2006}
}



@book{rencher2008linear,
	title={Linear models in statistics},
	author={Rencher, Alvin C and Schaalje, G Bruce},
	year={2008},
	publisher={John Wiley \& Sons}
}

@article{risso2011gc,
	title={GC-content normalization for RNA-Seq data},
	author={Risso, Davide and Schwartz, Katja and Sherlock, Gavin and Dudoit, Sandrine},
	journal={BMC bioinformatics},
	volume={12},
	number={1},
	pages={480},
	year={2011},
	publisher={BioMed Central Ltd}
}

@article{risso2014nat,
	title   = {Normalization of RNA-seq data using factor analysis of control genes or samples},
	author  = {Risso, Davide and Ngai, John and Speed, Terence P and Dudoit, Sandrine},
	journal = {Nat Biotech},
	volume  = {32},
	number  = {9},
	pages   = {896--902},
	year = {2014},
	publisher={Nature Publishing Group}
}

@misc{shi2013subread,
	title={Subread/Rsubread Users Guide},
	author={Shi, Wei and Liao, Yang},
	year={2013}
}

@article{storey2003statistical,
	title={Statistical significance for genomewide studies},
	author={Storey, John D and Tibshirani, Robert},
	journal={Proceedings of the National Academy of Sciences},
	volume={100},
	number={16},
	pages={9440--9445},
	year={2003},
	publisher={National Acad Sciences}
}

@article{wang2009rna,
	title={RNA-Seq: a revolutionary tool for transcriptomics},
	author={Wang, Zhong and Gerstein, Mark and Snyder, Michael},
	journal={Nature Reviews Genetics},
	volume={10},
	number={1},
	pages={57--63},
	year={2009},
	publisher={Nature Publishing Group}
}



@article{mishra2014gene,
	title={Gene set analysis: limitations in popular existing methods and proposed improvements},
	author={Mishra, Pashupati and T{\"o}r{\"o}nen, Petri and Leino, Yrj{\"o} and Holm, Liisa},
	journal={Bioinformatics},
	volume={30},
	number={19},
	pages={2747--2756},
	year={2014},
	publisher={Oxford Univ Press}
}


%%%%%%%%%%%%%%%%%%%%%%%%%%%%%%%%%%%%%%%%%%%%%%%%%%%%%%%%%%%%%%%%%%%%%%%%%%%%%%%%%%%%%%%%%%
%  reference for  stably expressed genes
%%%%%%%%%%%%%%%%%%%%%%%%%%%%%%%%%%%%%%%%%%%%%%%%%%%%%%%%%%%%%%%%%%%%%%%%%%%%%%%%%%%%%%%%%%




@article{anders2010differential,
	title={Differential expression analysis for sequence count data},
	author={Anders, Simon and Huber, Wolfgang},
	journal={Genome Biol.},
	volume={11},
	number={10},
	pages={R106},
	year={2010}
}

@article{anders2013count,
	title={Count-based differential expression analysis of {RNA} sequencing data using {R} and {B}ioconductor},
	author={Anders, Simon and McCarthy, Davis J and Chen, Yunshun and Okoniewski, Michal and Smyth, Gordon K and Huber, Wolfgang and Robinson, Mark D},
	journal={Nat. Protoc.},
	volume={8},
	number={9},
	pages={1765--1786},
	year={2013},
	publisher={Nature Publishing Group}
}

@article{andersen2004normalization,
	title={Normalization of real-time quantitative reverse transcription-{PCR} data: a model-based variance estimation approach to identify genes suited for normalization, applied to bladder and colon cancer data sets},
	author={Andersen, Claus Lindbjerg and Jensen, Jens Ledet and {\O}rntoft, Torben Falck},
	journal={Cancer Res.},
	volume={64},
	number={15},
	pages={5245--5250},
	year={2004},
	publisher={AACR}
}

@article{bates2011computational,
	title={Computational methods for mixed models},
	author={Bates, Douglas},
	journal={Vignette for lme4},
	year={2011}
}

@article{bates2012lme4,
	title={lme4: Linear mixed-effects models using {S}4 classes},
	author={Bates, Douglas and Maechler, Martin and Bolker, Ben},
	year={2012}
}
@article{bolker2012getting,
	title={Getting started with the glmm{ADMB} package},
	author={Bolker, Ben and Skaug, Hans and Magnusson, Arni and Nielsen, Anders},
	journal={Available at glmmadmb. r-forge. r-project. org/glmmADMB. pdf},
	year={2012}
}

@article{bolker2009generalized,
	title={Generalized linear mixed models: a practical guide for ecology and evolution},
	author={Bolker, Benjamin M and Brooks, Mollie E and Clark, Connie J and Geange, Shane W and Poulsen, John R and Stevens, M Henry H and White, Jada-Simone S},
	journal={Trends in ecology \& evolution},
	volume={24},
	number={3},
	pages={127--135},
	year={2009},
	publisher={Elsevier}
}

@article{bullard2010evaluation,
	title={Evaluation of statistical methods for normalization and differential expression in m{RNA}-Seq experiments},
	author={Bullard, James H and Purdom, Elizabeth and Hansen, Kasper D and Dudoit, Sandrine},
	journal={BMC Bioinformatics},
	volume={11},
	number={1},
	pages={94},
	year={2010},
	publisher={BioMed Central Ltd}
}

@article{bustin2002quantification,
	title={Quantification of m{RNA} using real-time reverse transcription {PCR (RT-PCR)}: trends and problems},
	author={Bustin, SA},
	journal={J. Mol. Endocrinol.},
	volume={29},
	number={1},
	pages={23--39},
	year={2002},
	publisher={Soc Endocrinology}
}

@article{czechowski2005genome,
	title={Genome-wide identification and testing of superior reference genes for transcript normalization in {A}rabidopsis},
	author={Czechowski, Tomasz and Stitt, Mark and Altmann, Thomas and Udvardi, Michael K and Scheible, Wolf-R{\"u}diger},
	journal={Plant Physiol.},
	volume={139},
	number={1},
	pages={5--17},
	year={2005},
	publisher={Am Soc Plant Biol}
}

@article{di2011nbp,
	title={The {NBP} negative binomial model for assessing differential gene expression from {RNA-Seq}},
	author={Di, Yanming and Schafer, Daniel W and Cumbie, Jason S and Chang, Jeff H},
	journal={Stat. Appl. Genet. Mol. Biol.},
	volume={10},
	number={1},
	pages={1--28},
	year={2011}
}
@article{di2014package,
	title={Package ‘{NBPSeq}’},
	author={Di, Yanming and Schafer, Daniel W and Di, Maintainer Yanming},
	journal={Mol. Biol.},
	volume={10},
	pages={1},
	year={2014}
}

@article{dillies2013comprehensive,
	title={A comprehensive evaluation of normalization methods for {Illumina} high-throughput {RNA} sequencing data analysis},
	author={Dillies, Marie-Agn{\`e}s and Rau, Andrea and Aubert, Julie and Hennequet-Antier, Christelle and Jeanmougin, Marine and Servant, Nicolas and Keime, C{\'e}line and Marot, Guillemette and Castel, David and Estelle, Jordi and others},
	journal={Brief. Bioinform.},
	volume={14},
	number={6},
	pages={671--683},
	year={2013},
	publisher={Oxford Univ Press}
}

@article{dekkers2012identification,
	title={Identification of reference genes for {RT--qPCR} expression analysis in {Arabidopsis} and tomato seeds},
	author={Dekkers, Bas JW and Willems, Leo and Bassel, George W and van Bolderen-Veldkamp, RP Marieke and Ligterink, Wilco and Hilhorst, Henk WM and Bentsink, Le{\'o}nie},
	journal={Plant Cell Physiol.},
	volume={53},
	number={1},
	pages={28--37},
	year={2012},
	publisher={Jpn Soc Plant Physiol}
}

@article{frericks2008toolbox,
	title={A toolbox of novel murine house-keeping genes identified by meta-analysis of large scale gene expression profiles},
	author={Frericks, Markus and Esser, Charlotte},
	journal={BBA-Gene Regul. Mech.},
	volume={1779},
	number={12},
	pages={830--837},
	year={2008},
	publisher={Elsevier}
}
@article{gur2009identification,
	title={Identification of endogenous reference genes for {qRT-PCR} analysis in normal matched breast tumor tissues},
	author={Gur-Dedeoglu, Bala and Konu, Ozlen and Bozkurt, Betul and Ergul, Gulusan and Seckin, Selda and Yulug, Isik G},
	journal={Oncol. Res.},
	volume={17},
	number={8},
	pages={353--365},
	year={2009},
	publisher={Cognizant Communication Corporation}
}

@article{hansen2010biases,
	title={Biases in {Illumina} transcriptome sequencing caused by random hexamer priming},
	author={Hansen, Kasper D and Brenner, Steven E and Dudoit, Sandrine},
	journal={Nuc. Acids Res.},
	volume={38},
	number={12},
	pages={e131--e131},
	year={2010},
	publisher={Oxford Univ Press}
}

@article{hansen2012removing,
	title={Removing technical variability in {RNA-Seq} data using conditional quantile normalization},
	author={Hansen, Kasper D and Irizarry, Rafael A and Zhijin, WU},
	journal={Biostatistics},
	volume={13},
	number={2},
	pages={204--216},
	year={2012},
	publisher={Biometrika Trust}
}

@article{hong2010identification,
	title={Identification and testing of superior reference genes for a starting pool of transcript normalization in {Arabidopsis}},
	author={Hong, Sung Myun and Bahn, Sung Chul and Lyu, Aram and Jung, Hye Seung and Ahn, Ji Hoon},
	journal={Plant Cell Physiol.},
	volume={51},
	number={10},
	pages={1694--1706},
	year={2010},
	publisher={Jpn Soc Plant Physiol}
}

@article{hruz2011refgenes,
	title={RefGenes: identification of reliable and condition specific reference genes for {RT-qPCR} data normalization},
	author={Hruz, Tomas and Wyss, Markus and Docquier, Mylene and Pfaffl, Michael W and Masanetz, Sabine and Borghi, Lorenzo and Verbrugghe, Phebe and Kalaydjieva, Luba and Bleuler, Stefan and Laule, Oliver and others},
	journal={BMC Genomics},
	volume={12},
	number={1},
	pages={156},
	year={2011},
	publisher={BioMed Central Ltd}
}

@article{huggett2005real,
	title={Real-time {RT-PCR} normalisation; strategies and considerations},
	author={Huggett, J and Dheda, K and Bustin, S and Zumla, A},
	journal={Genes Immun.},
	volume={6},
	number={4},
	pages={279--284},
	year={2005},
	publisher={Nature Publishing Group}
}

@article{kohl2013package,
	title={Package ‘{NormqPCR}’},
	author={Kohl, Matthias and Perkins, James and Rahman, Nor Izayu Abdul and Perkins, Maintainer James and ReadqPCR, Imports and biocViews MicrotitrePlateAssay, GeneExpression},
	year={2013}
}
@article{liao2013subread,
	title={The {Subread} aligner: fast, accurate and scalable read mapping by seed-and-vote},
	author={Liao, Yang and Smyth, Gordon K and Shi, Wei},
	journal={Nuc. Acids Res.},
	volume={41},
	number={10},
	pages={e108--e108},
	year={2013},
	publisher={Oxford Univ Press}
}


@article{line2013translational,
	title={Translational signatures and {mRNA} levels are highly correlated in human stably expressed genes},
	author={Line, Sergio RP and Liu, Xiaoming and de Souza, Ana P and Yu, Fuli},
	journal={BMC Genomics},
	volume={14},
	number={1},
	pages={268},
	year={2013},
	publisher={BioMed Central Ltd}
}

@article{loven2012revisiting,
	title={Revisiting global gene expression analysis},
	author={Lov{\'e}n, Jakob and Orlando, David A and Sigova, Alla A and Lin, Charles Y and Rahl, Peter B and Burge, Christopher B and Levens, David L and Lee, Tong Ihn and Young, Richard A},
	journal={Cell},
	volume={151},
	number={3},
	pages={476--482},
	year={2012},
	publisher={Elsevier}
}

@article{mccullagh1989generalized,
	title={Generalized linear models.},
	author={McCullagh, Peter and Nelder, John A},
	year={1989},
	publisher={London England Chapman and Hall 1983.}
}

@book{mcculloch2001generalized,
	title={Generalized linear mixed models},
	author={McCulloch, Charles E and Neuhaus, John M},
	year={2001},
	publisher={Wiley Online Library}
}


@article{oshlack2009transcript,
	title={Transcript length bias in {RNA-Seq} data confounds systems biology},
	author={Oshlack, Alicia and Wakefield, Matthew J and others},
	journal={Biol. Direct},
	volume={4},
	number={1},
	pages={14},
	year={2009}
}

@misc{shi2013subread,
	title={{Subread/Rsubread} Users Guide},
	author={Shi, Wei and Liao, Yang},
	year={2013}
}

@article{reid2006optimized,
	title={An optimized grapevine {RNA} isolation procedure and statistical determination of reference genes for real-time {RT-PCR} during berry development},
	author={Reid, Karen E and Olsson, Niclas and Schlosser, James and Peng, Fred and Lund, Steven T},
	journal={BMC Plant Biol.},
	volume={6},
	number={1},
	pages={27},
	year={2006},
	publisher={BioMed Central Ltd}
}

@article{risso2011gc,
	title={{GC}-content normalization for {RNA-Seq} data},
	author={Risso, Davide and Schwartz, Katja and Sherlock, Gavin and Dudoit, Sandrine},
	journal={BMC bioinformatics},
	volume={12},
	number={1},
	pages={480},
	year={2011},
	publisher={BioMed Central Ltd}
}

@article{risso2014nat,
	title   = {Normalization of {RNA-Seq} data using factor analysis of control genes or samples},
	author  = {Risso, Davide and Ngai, John and Speed, Terence P and Dudoit, Sandrine},
	journal = {Nat. Biotech.},
	volume  = {32},
	number  = {9},
	pages   = {896--902},
	year = {2014},
	publisher={Nature Publishing Group}
}

@article{robinson2010scaling,
	title={A scaling normalization method for differential expression analysis of{ RNA-Seq} data},
	author={Robinson, Mark D and Oshlack, Alicia and others},
	journal={Genome Biol.},
	volume={11},
	number={3},
	pages={R25},
	year={2010}
}

@article{sekhon2011genome,
	title={Genome-wide atlas of transcription during maize development},
	author={Sekhon, Rajandeep S and Lin, Haining and Childs, Kevin L and Hansey, Candice N and Buell, C Robin and de Leon, Natalia and Kaeppler, Shawn M},
	journal={Plant J.},
	volume={66},
	number={4},
	pages={553--563},
	year={2011},
	publisher={Wiley Online Library}
}
@article{stamova2009identification,
	title={Identification and validation of suitable endogenous reference genes for gene expression studies in human peripheral blood},
	author={Stamova, Boryana S and Apperson, Michelle and Walker, Wynn L and Tian, Yingfang and Xu, Huichun and Adamczy, Peter and Zhan, Xinhua and Liu, Da-Zhi and Ander, Bradley P and Liao, Isaac H and others},
	journal={BMC Med. Genom.},
	volume={2},
	number={1},
	pages={49},
	year={2009},
	publisher={BioMed Central Ltd}
}

@article{wang2009rna,
	title={{RNA-Seq}: a revolutionary tool for transcriptomics},
	author={Wang, Zhong and Gerstein, Mark and Snyder, Michael},
	journal={Nat. Rev. Genet.},
	volume={10},
	number={1},
	pages={57--63},
	year={2009},
	publisher={Nature Publishing Group}
}

@article{wang2010dynamic,
	title={A dynamic gene expression atlas covering the entire life cycle of rice},
	author={Wang, Lei and Xie, Weibo and Chen, Ying and Tang, Weijiang and Yang, Jiangyi and Ye, Rongjian and Liu, Li and Lin, Yongjun and Xu, Caiguo and Xiao, Jinghua and others},
	journal={Plant J.},
	volume={61},
	number={5},
	pages={752--766},
	year={2010},
	publisher={Wiley Online Library}
}

@article{wu2013use,
	title={The use of {miRNA} microarrays for the analysis of cancer samples with global {miRNA} decrease},
	author={Wu, Di and Hu, Yifang and Tong, Stephen and Williams, Bryan RG and Smyth, Gordon K and Gantier, Michael P},
	journal={RNA},
	volume={19},
	number={7},
	pages={876--888},
	year={2013},
	publisher={Cold Spring Harbor Lab}
}


@article{vandesompele2002accurate,
	title={Accurate normalization of real-time quantitative {RT-PCR} data by geometric averaging of multiple internal control genes},
	author={Vandesompele, Jo and De Preter, Katleen and Pattyn, Filip and Poppe, Bruce and Van Roy, Nadine and De Paepe, Anne and Speleman, Frank},
	journal={Genome Biol.},
	volume={3},
	number={7},
	pages={research0034},
	year={2002},
	publisher={BioMed Central Ltd}
}


@article{bournier2013arabidopsis,
	title={Arabidopsis ferritin 1 {(AtFer1)} gene regulation by the phosphate starvation response 1 {(AtPHR1)} transcription factor reveals a direct molecular link between iron and phosphate homeostasis},
	author={Bournier, Marc and Tissot, Nicolas and Mari, St{\'e}phane and Boucherez, Jossia and Lacombe, Eric and Briat, Jean-Fran{\c{c}}ois and Gaymard, Fr{\'e}d{\'e}ric},
	journal={J. Biol Chem.},
	volume={288},
	number={31},
	pages={22670--22680},
	year={2013},
	publisher={ASBMB}
}

@article{baron2012transcriptional,
	title={Transcriptional response of abscisic acid {(ABA)} metabolism and transport to cold and heat stress applied at the reproductive stage of development in {Arabidopsis} thaliana},
	author={Baron, Kevin N and Schroeder, Dana F and Stasolla, Claudio},
	journal={Plant Sci.},
	volume={188},
	pages={48--59},
	year={2012},
	publisher={Elsevier}
}

@Manual{Rpackage,
	title = {R: {A Language and Environment for Statistical Computing}},
	author = {{R Core Team}},
	organization = {R Foundation for Statistical Computing},
	address = {Vienna, Austria},
	year = {2015},
	url = {http://www.R-project.org/},
}


@article{langmead2012fast,
	title={Fast gapped-read alignment with {Bowtie} 2},
	author={Langmead, Ben and Salzberg, Steven L},
	journal={Nat. Methods},
	volume={9},
	number={4},
	pages={357--359},
	year={2012},
	publisher={Nature Publishing Group}
}


@article{trapnell2009tophat,
	title={{TopHat}: discovering splice junctions with {RNA-Seq}},
	author={Trapnell, Cole and Pachter, Lior and Salzberg, Steven L},
	journal={Bioinformatics},
	volume={25},
	number={9},
	pages={1105--1111},
	year={2009},
	publisher={Oxford Univ Press}
}

@article{li2009fast,
	title={Fast and accurate short read alignment with {Burrows--Wheeler} transform},
	author={Li, Heng and Durbin, Richard},
	journal={Bioinformatics},
	volume={25},
	number={14},
	pages={1754--1760},
	year={2009},
	publisher={Oxford Univ Press}
}

@book{mcculloch2001generalized,
	title={Generalized linear mixed models},
	author={McCulloch, Charles E and Neuhaus, John M},
	year={2001},
	publisher={Wiley Online Library}
}

@article{leinonen2010sequence,
	title={The sequence read archive},
	author={Leinonen, Rasko and Sugawara, Hideaki and Shumway, Martin},
	journal={Nuc. Acids Res.},
	pages={gkq1019},
	year={2010},
	publisher={Oxford Univ Press}
}


@article{fernandes2008selection,
	title={Selection of suitable reference genes for real-time{ PCR} studies of {Atlantic} halibut development},
	author={Fernandes, Jorge MO and Mommens, Maren and Hagen, {\O}rjan and Babiak, Igor and Solberg, Christel},
	journal={Comp. Biochem. Phys. B},
	volume={150},
	number={1},
	pages={23--32},
	year={2008},
	publisher={Elsevier}
}






%%%%%%%%%%%%%%%%%%%%%%%%%%%%%%%%%%%%%%%%%%%%%%%%%%%%%%%%%%%%%%%%%%%%%%%%%%%%%%%%%%%%%%%%%%
%  reference for  Enrichment Analysis 
%%%%%%%%%%%%%%%%%%%%%%%%%%%%%%%%%%%%%%%%%%%%%%%%%%%%%%%%%%%%%%%%%%%%%%%%%%%%%%%%%%%%%%%%%%




@article{wu2012camera,
  title={Camera: a competitive gene set test accounting for inter-gene correlation},
  author={Wu, Di and Smyth, Gordon K},
  journal={Nucleic Acids Research},
  volume={40},
  number={17},
  pages={e133--e133},
  year={2012},
  publisher={Oxford Univ Press}
}

@article{subramanian2005gene,
	title={Gene set enrichment analysis: a knowledge-based approach for interpreting genome-wide expression profiles},
	author={Subramanian, Aravind and Tamayo, Pablo and Mootha, Vamsi K and Mukherjee, Sayan and Ebert, Benjamin L and Gillette, Michael A and Paulovich, Amanda and Pomeroy, Scott L and Golub, Todd R and Lander, Eric S and others},
	journal={Proceedings of the National Academy of Sciences of the United States of America},
	volume={102},
	number={43},
	pages={15545--15550},
	year={2005},
	publisher={National Acad Sciences}
}


@article{efron2007correlation,
	title={Correlation and large-scale simultaneous significance testing},
	author={Efron, Bradley},
	journal={Journal of the American Statistical Association},
	volume={102},
	number={477},
	year={2007}
}

@incollection{smyth2005limma,
	title={Limma: linear models for microarray data},
	author={Smyth, Gordon K},
	booktitle={Bioinformatics and Computational Biology Solutions Using R and Bioconductor},
	pages={397--420},
	year={2005},
	publisher={Springer}
}

@article{Smyth2004moderated,
	title={Linear models and empirical {Bayes} methods for assessing differential expression in microarray experiments},
	author={Smyth, Gordon K},
	journal={Statistical Applications in Genetics and Molecular Biology},
	volume={3, Article3},
	number={},
	year={2004}
}


@article{goeman2007analyzing,
	title={Analyzing gene expression data in terms of gene sets: methodological issues},
	author={Goeman, Jelle J and B{\"u}hlmann, Peter},
	journal={Bioinformatics},
	volume={23},
	number={8},
	pages={980--987},
	year={2007},
	publisher={Oxford Univ Press}
}


@article{huang2013gene,
	title={Gene set analysis using variance component tests},
	author={Huang, Yen-Tsung and Lin, Xihong},
	journal={BMC Bioinformatics},
	volume={14},
	number={1},
	pages={210},
	year={2013},
	publisher={BioMed Central Ltd}
}



@article{huang2009bioinformatics,
	title={Bioinformatics enrichment tools: paths toward the comprehensive functional analysis of large gene lists},
	author={Huang, Da Wei and Sherman, Brad T and Lempicki, Richard A},
	journal={Nucleic Acids Research},
	volume={37},
	number={1},
	pages={1--13},
	year={2009},
	publisher={Oxford Univ Press}
}


@article{tian2005discovering,
	title={Discovering statistically significant pathways in expression profiling studies},
	author={Tian, Lu and Greenberg, Steven A and Kong, Sek Won and Altschuler, Josiah and Kohane, Isaac S and Park, Peter J},
	journal={Proceedings of the National Academy of Sciences of the United States of America},
	volume={102},
	number={38},
	pages={13544--13549},
	year={2005},
	publisher={National Acad Sciences}
}


@article{efron2007testing,
	title={On testing the significance of sets of genes},
	author={Efron, Bradley and Tibshirani, Robert},
	journal={The Annals of Applied Statistics},
	pages={107--129},
	year={2007},
	publisher={JSTOR}
}


@article{barry2008statistical,
	title={A statistical framework for testing functional categories in microarray data},
	author={Barry, William T and Nobel, Andrew B and Wright, Fred A},
	journal={The Annals of Applied Statistics},
	pages={286--315},
	year={2008},
	publisher={JSTOR}
}


@article{kim2005page,
	title={{PAGE}: parametric analysis of gene set enrichment},
	author={Kim, Seon-Young and Volsky, David J},
	journal={BMC Bioinformatics},
	volume={6},
	number={1},
	pages={144},
	year={2005},
	publisher={BioMed Central Ltd}
}


@article{huang2009bioinformatics,
	title={Bioinformatics enrichment tools: paths toward the comprehensive functional analysis of large gene lists},
	author={Huang, Da Wei and Sherman, Brad T and Lempicki, Richard A},
	journal={Nucleic Acids Research},
	volume={37},
	number={1},
	pages={1--13},
	year={2009},
	publisher={Oxford Univ Press}
}

@article{khatri2012ten,
	title={Ten years of pathway analysis: current approaches and outstanding challenges},
	author={Khatri, Purvesh and Sirota, Marina and Butte, Atul J},
	journal={PLoS Computational Biology},
	volume={8},
	number={2},
	pages={e1002375},
	year={2012}
}

@article{tarca2013comparison,
	title={A comparison of gene set analysis methods in terms of sensitivity, prioritization and specificity},
	author={Tarca, Adi L and Bhatti, Gaurav and Romero, Roberto},
	year={2013}
}

@article{klebanov2007multivariate,
	title={A multivariate extension of the gene set enrichment analysis},
	author={Klebanov, Lev and Glazko, Galina and Salzman, Peter and Yakovlev, Andrei and Xiao, Yuanhui},
	journal={Journal of Bioinformatics and Computational Biology},
	volume={5},
	number={05},
	pages={1139--1153},
	year={2007},
	publisher={World Scientific}
}

@article{wu2010roast,
	title={{ROAST: rotation} gene set tests for complex microarray experiments},
	author={Wu, Di and Lim, Elgene and Vaillant, Fran{\c{c}}ois and Asselin-Labat, Marie-Liesse and Visvader, Jane E and Smyth, Gordon K},
	journal={Bioinformatics},
	volume={26},
	number={17},
	pages={2176--2182},
	year={2010},
	publisher={Oxford Univ Press}
}

@article{goeman2005testing,
	title={Testing association of a pathway with survival using gene expression data},
	author={Goeman, Jelle J and Oosting, Jan and Cleton-Jansen, Anne-Marie and Anninga, Jakob K and Van Houwelingen, Hans C},
	journal={Bioinformatics},
	volume={21},
	number={9},
	pages={1950--1957},
	year={2005},
	publisher={Oxford Univ Press}
}

@article{tarca2013comparison,
	title={A comparison of gene set analysis methods in terms of sensitivity, prioritization and specificity},
	author={Tarca, Adi L and Bhatti, Gaurav and Romero, Roberto},
	year={2013}
}

@article{gatti2010heading,
	title={Heading down the wrong pathway: on the influence of correlation within gene sets},
	author={Gatti, Daniel M and Barry, William T and Nobel, Andrew B and Rusyn, Ivan and Wright, Fred A},
	journal={BMC Genomics},
	volume={11},
	number={1},
	pages={574},
	year={2010},
	publisher={BioMed Central Ltd}
}

@article{yaari2013quantitative,
	title={Quantitative set analysis for gene expression: a method to quantify gene set differential expression including gene-gene correlations},
	author={Yaari, Gur and Bolen, Christopher R and Thakar, Juilee and Kleinstein, Steven H},
	journal={Nucleic Acids Research},
	pages={gkt660},
	year={2013},
	publisher={Oxford Univ Press}
}


@article{zhou2013empirical,
	title={Empirical pathway analysis, without permutation},
	author={Zhou, Yi-Hui and Barry, William T and Wright, Fred A},
	journal={Biostatistics},
	pages={kxt004},
	year={2013},
	publisher={Biometrika Trust}
}


@article{michaud2008integrative,
	title={Integrative analysis of {RUNX1} downstream pathways and target genes},
	author={Michaud, Jo{\"e}lle and Simpson, Ken M and Escher, Robert and Buchet-Poyau, Karine and Beissbarth, Tim and Carmichael, Catherine and Ritchie, Matthew E and Sch{\"u}tz, Fr{\'e}d{\'e}ric and Cannon, Ping and Liu, Marjorie and others},
	journal={BMC Genomics},
	volume={9},
	number={1},
	pages={363},
	year={2008},
	publisher={BioMed Central Ltd}
}

@article{tsai2009multivariate,
	title={Multivariate analysis of variance test for gene set analysis},
	author={Tsai, Chen-An and Chen, James J},
	journal={Bioinformatics},
	volume={25},
	number={7},
	pages={897--903},
	year={2009},
	publisher={Oxford Univ Press}
}

@article{goeman2004global,
	title={A global test for groups of genes: testing association with a clinical outcome},
	author={Goeman, Jelle J and Van De Geer, Sara A and De Kort, Floor and Van Houwelingen, Hans C},
	journal={Bioinformatics},
	volume={20},
	number={1},
	pages={93--99},
	year={2004},
	publisher={Oxford Univ Press}
}

@article{gentleman2004bioconductor,
	title={Bioconductor: open software development for computational biology and bioinformatics},
	author={Gentleman, Robert C and Carey, Vincent J and Bates, Douglas M and Bolstad, Ben and Dettling, Marcel and Dudoit, Sandrine and Ellis, Byron and Gautier, Laurent and Ge, Yongchao and Gentry, Jeff and others},
	journal={Genome Biology},
	volume={5},
	number={10},
	pages={R80},
	year={2004},
	publisher={BioMed Central Ltd}
}



@article{labadorf2015rna,
	title={{RNA sequence }analysis of human Huntington disease brain reveals an extensive increase in inflammatory and developmental gene expression},
	author={Labadorf, Adam and Hoss, Andrew G and Lagomarsino, Valentina and Latourelle, Jeanne C and Hadzi, Tiffany C and Bregu, Joli and MacDonald, Marcy E and Gusella, James F and Chen, Jiang-Fan and Akbarian, Schahram and others},
	journal={PloS One},
	volume={10},
	number={12},
	pages={e0143563},
	year={2015},
	publisher={Public Library of Science}
}

@article{marcora2010huntington,
	title={The {Huntington's disease mutation impairs Huntingtin's role in the transport of NF-$\kappa$B }from the synapse to the nucleus},
	author={Marcora, Edoardo and Kennedy, Mary B},
	journal={Human Molecular Genetics},
	volume={19},
	number={22},
	pages={4373--4384},
	year={2010},
	publisher={Oxford Univ Press}
}

@article{diamanti2013whole,
	title={Whole gene expression profile in blood reveals multiple pathways deregulation in {R6/2} mouse model},
	author={Diamanti, Daniela and Mori, Elisa and Incarnato, Danny and Malusa, Federico and Fondelli, Costanza and Magnoni, Letizia and Pollio, Giuseppe},
	journal={Biomarker Research},
	volume={1},
	number={1},
	pages={1},
	year={2013},
	publisher={BioMed Central}
}


@article{alexa2010topgo,
	title={{topGO}: enrichment analysis for gene ontology},
	author={Alexa, Adrian and Rahnenfuhrer, Jorg},
	journal={R Package Version},
	volume={2},
	number={0},
	year={2010}
}

@article{katsuno2010disrupted,
	title={Disrupted transforming growth factor-$\beta$ signaling in spinal and bulbar muscular atrophy},
	author={Katsuno, Masahisa and Adachi, Hiroaki and Minamiyama, Makoto and Waza, Masahiro and Doi, Hideki and Kondo, Naohide and Mizoguchi, Hiroyuki and Nitta, Atsumi and Yamada, Kiyofumi and Banno, Haruhiko and others},
	journal={The Journal of Neuroscience},
	volume={30},
	number={16},
	pages={5702--5712},
	year={2010},
	publisher={Soc Neuroscience}
}

@article{trager2014htt,
	title={{HTT-lowering reverses Huntington’s disease immune dysfunction caused by NF$\kappa$B pathway dysregulation}},
	author={Tr{\"a}ger, Ulrike and Andre, Ralph and Lahiri, Nayana and Magnusson-Lind, Anna and Weiss, Andreas and Grueninger, Stephan and McKinnon, Chris and Sirinathsinghji, Eva and Kahlon, Shira and Pfister, Edith L and others},
	journal={Brain},
	volume={137},
	number={3},
	pages={819--833},
	year={2014},
	publisher={Oxford Univ Press}
}



@article{humbert2002igf,
	title={The {IGF-1/Akt pathway is neuroprotective in Huntington's disease and involves Huntingtin phosphorylation by Akt}},
	author={Humbert, Sandrine and Bryson, Elzbieta A and Cordeli{\`e}res, Fabrice P and Connors, Nathan C and Datta, Sandeep R and Finkbeiner, Steven and Greenberg, Michael E and Saudou, Fr{\'e}d{\'e}ric},
	journal={Developmental Cell},
	volume={2},
	number={6},
	pages={831--837},
	year={2002},
	publisher={Elsevier}
}


@article{chiang2010modulation,
	title={Modulation of energy deficiency in {Huntington's disease via activation of the peroxisome proliferator-activated receptor gamma}},
	author={Chiang, Ming-Chang and Chen, Chiung-Mei and Lee, Maw-Rong and Chen, Hsiao-Wen and Chen, Hui-Mei and Wu, Yu-Shuo and Hung, Cheng-Han and Kang, Jheng-Jie and Chang, Ching-Pang and Chang, Chen and others},
	journal={Human Molecular Genetics},
	pages={ddq322},
	year={2010},
	publisher={Oxford Univ Press}
}


@article{kandasamy2011transforming,
	title={Transforming growth factor-beta signaling in the neural stem cell niche: a therapeutic target for {Huntington's disease}},
	author={Kandasamy, Mahesh and Reilmann, Ralf and Winkler, J{\"u}rgen and Bogdahn, Ulrich and Aigner, Ludwig},
	journal={Neurology Research International},
	volume={2011},
	year={2011},
	publisher={Hindawi Publishing Corporation}
}


@article{ghose2011regulation,
	title={Regulation of {miR-146a by RelA/NFkB and p53 in ST Hdh Q111/Hdh Q111 Cells, a Cell Model of Huntington's Disease}},
	author={Ghose, Jayeeta and Sinha, Mithun and Das, Eashita and Jana, Nihar R and Bhattacharyya, Nitai P},
	journal={PLoS One},
	volume={6},
	number={8},
	pages={e23837},
	year={2011},
	publisher={Public Library of Science}
}

@article{kanehisa2000kegg,
	title={KEGG: kyoto encyclopedia of genes and genomes},
	author={Kanehisa, Minoru and Goto, Susumu},
	journal={Nucleic acids research},
	volume={28},
	number={1},
	pages={27--30},
	year={2000},
	publisher={Oxford Univ Press}
}

@article{ashburner2000gene,
	title={Gene Ontology: tool for the unification of biology},
	author={Ashburner, Michael and Ball, Catherine A and Blake, Judith A and Botstein, David and Butler, Heather and Cherry, J Michael and Davis, Allan P and Dolinski, Kara and Dwight, Selina S and Eppig, Janan T and others},
	journal={Nature genetics},
	volume={25},
	number={1},
	pages={25--29},
	year={2000},
	publisher={Nature Publishing Group}
}

@Manual{Rstan,
	title = {RStan:  { the R interface to Stan, Version 2.9.0}},
	author = {{Stan Development Team}},
	year = {2016},
	url = { http://mc-stan.org},
}

@article{martin2011mcmcpack,
	title={Mcmcpack: Markov chain monte carlo in r},
	author={Martin, Andrew D and Quinn, Kevin M and Park, Jong Hee},
	year={2011},
	publisher={Foundation for Open Access Statistics}
}

@article{morin2008profiling,
	title={Profiling the HeLa S3 transcriptome using randomly primed cDNA and massively parallel short-read sequencing},
	author={Morin, Ryan D and Bainbridge, Matthew and Fejes, Anthony and Hirst, Martin and Krzywinski, Martin and Pugh, Trevor J and McDonald, Helen and Varhol, Richard and Jones, Steven JM and Marra, Marco A},
	journal={Biotechniques},
	volume={45},
	number={1},
	pages={81},
	year={2008}
}

















